@Book{ jarabas,
	author = "Jaros{\l}aw Arabas",
	title = "Wyk{\l}ady z algorytm{\'o}w ewolucyjnych",
	year = "2001",
	publisher = "WNT",
	address = "Warszawa"
}

@Article{ hansen,
	title = "Real-Parameter Black-Box Optimization Benchmarking: Experimental Setup",
	author = "Anne Auger and Steffen Finck and Nikolaus Hansen and Raymond Ros",
	year = "2013",
	url = "http://coco.lri.fr/downloads/download13.09/bbobdocexperiment.pdf",
	note = "{\url{http://coco.lri.fr/downloads/download13.09/bbobdocexperiment.pdf}}"
}

@Article{ finck,
	title = "Real-Parameter Black-Box Optimization Benchmarking 2010: Presentation of the Noiseless Functions",
	author = "Anne Auger and Steffen Finck and Nikolaus Hansen and Raymond Ros",
	year = "2013",
	url = "http://coco.lri.fr/downloads/download13.09/bbobdocfunctions.pdf",
	note = "{\url{http://coco.lri.fr/downloads/download13.09/bbobdocfunctions.pdf}}"
}

@Article{ snehal,
	title = "The sum of the r'th roots of first n natural numbers and new formula factorial",
	author = "Snehal Shekatkar",
	year = "2013",
	note = "\url{http://arxiv.org/pdf/1204.0877.pdf}"
}

@Article{ norm,
	title = "Random Number Generation",
	author = "Norm Matloff",
	year = "2006",
	note = "\url{http://heather.cs.ucdavis.edu/~matloff/156/PLN/RandNumGen.pdf}"
}

